<record><leader>00000cas a22000007a 4500</leader><controlfield tag="001">33953877</controlfield><controlfield tag="008">951221d19441945arusr ne      0    0eng d</controlfield><datafield ind1=" " ind2=" " tag="010"><subfield code="a">sn 96083512 </subfield></datafield><datafield ind1=" " ind2=" " tag="040"><subfield code="a">NYS</subfield><subfield code="b">eng</subfield><subfield code="c">NYS</subfield><subfield code="d">OCL</subfield><subfield code="d">NYG</subfield><subfield code="d">OCLCQ</subfield><subfield code="d">OCLCF</subfield><subfield code="d">OCLCO</subfield></datafield><datafield ind1=" " ind2=" " tag="019"><subfield code="a">5961673</subfield></datafield><datafield ind1="1" ind2=" " tag="029"><subfield code="a">AU@</subfield><subfield code="b">000012500949</subfield></datafield><datafield ind1=" " ind2=" " tag="042"><subfield code="a">msc</subfield></datafield><datafield ind1=" " ind2=" " tag="043"><subfield code="a">n-us-ar</subfield></datafield><datafield ind1="0" ind2="0" tag="245"><subfield code="a">You name it.</subfield></datafield><datafield ind1="0" ind2="0" tag="246"><subfield code="a">Dogface Digest</subfield></datafield><datafield ind1=" " ind2=" " tag="260"><subfield code="a">Camp Chaffee, Ark. :</subfield><subfield code="b">[s.n.]</subfield></datafield><datafield ind1=" " ind2=" " tag="300"><subfield code="a">v.</subfield></datafield><datafield ind1=" " ind2=" " tag="310"><subfield code="a">Monthly</subfield></datafield><datafield ind1=" " ind2=" " tag="321"><subfield code="a">Semimonthly</subfield></datafield><datafield ind1="0" ind2=" " tag="362"><subfield code="a">Vol. 1, no. 1 (Nov. 10, 1944)-v. 2, no. 5 (Mar. 2, 1945).</subfield></datafield><datafield ind1=" " ind2=" " tag="500"><subfield code="a">"Voice of the 174th Infantry Regiment."</subfield></datafield><datafield ind1=" " ind2=" " tag="500"><subfield code="a">First issue only "You Name It", becomes "Dogface Digest."</subfield></datafield><datafield ind1=" " ind2="0" tag="651"><subfield code="a">Fort Chaffee (Ark.)</subfield><subfield code="v">Newspapers.</subfield></datafield><datafield ind1=" " ind2="7" tag="655"><subfield code="a">Newspapers.</subfield><subfield code="2">fast</subfield><subfield code="0">(OCoLC)fst01423814</subfield></datafield><datafield ind1=" " ind2="7" tag="651"><subfield code="a">Arkansas</subfield><subfield code="z">Fort Chaffee.</subfield><subfield code="2">fast</subfield><subfield code="0">(OCoLC)fst01208312</subfield></datafield><datafield ind1=" " ind2=" " tag="752"><subfield code="a">United States</subfield><subfield code="b">Arkansas</subfield><subfield code="c">Sebastian</subfield><subfield code="d">Fort Chaffee.</subfield></datafield><datafield ind1="0" ind2="0" tag="785"><subfield code="t">News of the former 174th Infantry Regiment</subfield></datafield></record>